%Broselow 2018 —  E. Broselow. Laryngeal contrasts in second language phonology // L. Hyman, F. Plank (eds.). Phonological Typology. Berlin, Boston: De Gruyter Mouton, 2018.  P. 312-340. https://doi.org/10.1515/9783110451931-009

@incollection{broselow2018,
	author={Broselow, Ellen},
	year={2018},
	title={Laryngeal contrasts in second language phonology},
	booktitle={Phonological Typology},
	editor={Hyman, Larry and Plank, Frans},
	pages={312--340},
	publisher={De {Gruyter} {Mouton}},
	location={Berlin, {Boston}},
	doi={https://doi.org/10.1515/9783110451931-009}
}

%Eckman 1977 — F. R. Eckman. Markedness and the contrastive analysis hypothesis // Language learning. 1977. Vol. 27. № 2. P. 315-330.

@article{eckman1977,
	author={Eckman, Fred R.},
	year={1977},
	title={Markedness and the contrastive analysis hypothesis},
	journal={Language learning},
	pages={315--330},
	volume={27},
	number={2}
}

%Major, Faudree 1996 — R. C. Major, M. C. Faudree. Markedness universals and the acquisition of voicing contrasts by Korean speakers of English // Studies in Second Language Acquisition. 1996. Vol. 18. № 1. P. 69-90.

@article{major-faudree1996,
	author={Major, Roy C. and Faudree, Michael C.},
	year={1996},
	title={Markedness universals and the acquisition of voicing contrasts by {Korean} speakers of {English}},
	journal={Studies in {Second} {Language} {Acquisition}},
	pages={69--90},
	volume={18},
	number={1}
}

%Ringen, Kulikov 2010 — C. Ringen, V. Kulikov. Voice Onset Time in Russian. Presented at the 16th Annual Mid-Continental Workshop on Phonology. Chicago, IL. October 29-31, 2010.%

@unpublished{ringen-kulikov2010,
	title={Voice {Onset} {Time} in {Russian}. {Presented} at the 16th {Annual} {Mid}-{Continental} {Workshop} on {Phonology}. {Chicago}, {IL}. {October} 29--31, 2010},
	author={Ringen, Catherine and Kulikov, Vladimir},
	year={2010}
}

%Schwartz 2012 — G. Schwartz. Initial glottalization and final devoicing in Polish English // Research in Language. 2012. Vol. 10. №2. P. 159-171.

@article{schwartz2012,
	author={Schwartz, Geoffrey},
	year={2012},
	title={Initial glottalization and final devoicing in {Polish} {English}},
	journal={Research in {Language}},
	pages={159--171},
	volume={10},
	number={2}
}

%Simon 2010 — E. Simon. Phonological transfer of voicing and devoicing rules: Evidence from L1 Dutch and L2 English conversational speech // Language Sciences. 2010. Vol. 32. № 1. P. 63-86.

@article{simon2010,
	author={Simon, Ellen},
	year={2010},
	title={Phonological transfer of voicing and devoicing rules: {Evidence} from {L1} {Dutch} and {L2} {English} conversational speech},
	journal={Language {Sciences}},
	pages={63--86},
	volume={32},
	number={1}
}

@incollection{wals-4,
  author    = {Ian Maddieson},
  booktitle = {The World Atlas of Language Structures Online},
  editor    = {Matthew S. Dryer and Martin Haspelmath},
  publisher = {Zenodo},
  title     = {Voicing in Plosives and Fricatives (v2020.3)},
  type      = {Data set},
  url       = {https://doi.org/10.5281/zenodo.7385533},
  year      = {2013},
  doi       = {10.5281/zenodo.7385533}
}

@article{flege1987,
title = {The production of ``new'' and ``similar'' phones in a foreign language: evidence for the effect of equivalence classification},
journal = {Journal of {Phonetics}},
volume = {15},
number = {1},
pages = {47--65},
year = {1987},
doi = {https://doi.org/10.1016/S0095-4470(19)30537-6},
author = {Flege, James Emil},

}